<?xml version="1.0" encoding="utf-8"?>
<record xmlns="http://www.loc.gov/MARC21/slim" xmlns:xsi="http://www.w3.org/2001/XMLSchema-instance" xsi:schemaLocation="http://www.loc.gov/MARC21/slim http://www.loc.gov/standards/marcxml/schema/MARC21slim.xsd">
	<leader>     nam a22        4500</leader>
	<controlfield tag="001">b12620087</controlfield>
	<controlfield tag="003">LeBAU</controlfield>
	<controlfield tag="006">m        d        </controlfield>
	<controlfield tag="007">cr cn |||m|||a</controlfield>
	<controlfield tag="008">171023s1910    ua      ob    000 f ara d</controlfield>
	<datafield ind1=" " ind2=" " tag="040">
		<subfield code="a">NNU</subfield>
		<subfield code="b">ara</subfield>
		<subfield code="e">rda</subfield>
		<subfield code="c">NNU</subfield>
	</datafield>
	<datafield ind1=" " ind2="4" tag="050">
		<subfield code="a">PJ7876.A9</subfield>
		<subfield code="b">A2 1910</subfield>
	</datafield>
	<datafield ind1="0" ind2="4" tag="082">
		<subfield code="a">892.78</subfield>
		<subfield code="2">22</subfield>
	</datafield>
	<datafield ind1="1" ind2=" " tag="100">
		<subfield code="6">880-01</subfield>
		<subfield code="a">Zaydān, Jirjī,</subfield>
		<subfield code="d">1861-1914,</subfield>
		<subfield code="e">author.</subfield>
	</datafield>
	<datafield ind1="1" ind2="0" tag="245">
		<subfield code="6">880-02</subfield>
		<subfield code="a">ʻAbd al-Raḥmān al-Nāṣir :</subfield>
		<subfield code="b">riwāyah tārīkhīyah gharāmīyah /</subfield>
		<subfield code="c">ta’līf Jirjī Zaydān, munshi’ al-Hilāl.</subfield>
	</datafield>
	<datafield ind1=" " ind2="1" tag="264">
		<subfield code="6">880-03</subfield>
		<subfield code="a">al-Fajjālah, Miṣr :</subfield>
		<subfield code="b">Maṭba‘at al-Hilāl,</subfield>
		<subfield code="c">1910.</subfield>
	</datafield>
	<datafield ind1=" " ind2=" " tag="300">
		<subfield code="6">880-04</subfield>
		<subfield code="a">online resource (180 pages)</subfield>
	</datafield>
	<datafield ind1=" " ind2=" " tag="336">
		<subfield code="a">text</subfield>
		<subfield code="2">rdacontent</subfield>
	</datafield>
	<datafield ind1=" " ind2=" " tag="337">
		<subfield code="a">computer</subfield>
		<subfield code="2">rdamedia</subfield>
	</datafield>
	<datafield ind1=" " ind2=" " tag="338">
		<subfield code="a">online resource</subfield>
		<subfield code="2">rdacarrier</subfield>
	</datafield>
	<datafield ind1="1" ind2=" " tag="490">
		<subfield code="6">880-05</subfield>
		<subfield code="a">Riwāyāt tārīkh al-Islām ;</subfield>
		<subfield code="v">al-ḥalaqah al-rābi‘ah ‘asharah</subfield>
	</datafield>
	<datafield ind1=" " ind2=" " tag="500">
		<subfield code="a">Part of the Arabic Collections Online (ACO) project, contributed by American University of Beirut's Jafet Memorial Library.</subfield>
	</datafield>
	<datafield ind1=" " ind2=" " tag="533">
		<subfield code="a">Electronic reproduction.</subfield>
		<subfield code="b">New York, N.Y. :</subfield>
		<subfield code="c">New York University,</subfield>
		<subfield code="d">2017.</subfield>
		<subfield code="5">NNU</subfield>
	</datafield>
	<datafield ind1="0" ind2="0" tag="600">
		<subfield code="6">880-06</subfield>
		<subfield code="a">ʻAbd al-Raḥmān</subfield>
		<subfield code="b">III,</subfield>
		<subfield code="c">Caliph of Cordova,</subfield>
		<subfield code="d">891-961</subfield>
		<subfield code="v">Fiction.</subfield>
	</datafield>
	<datafield ind1=" " ind2="0" tag="651">
		<subfield code="6">880-07</subfield>
		<subfield code="a">Andalusia (Spain)</subfield>
		<subfield code="x">Civilization</subfield>
		<subfield code="v">Fiction.</subfield>
	</datafield>
	<datafield ind1=" " ind2="0" tag="651">
		<subfield code="6">880-08</subfield>
		<subfield code="a">Andalusia (Spain)</subfield>
		<subfield code="x">History</subfield>
		<subfield code="v">Fiction.</subfield>
	</datafield>
	<datafield ind1=" " ind2="0" tag="655">
		<subfield code="6">880-09</subfield>
		<subfield code="a">Novel.</subfield>
	</datafield>
	<datafield ind1="2" ind2=" " tag="710">
		<subfield code="a">Jafet Memorial Library.</subfield>
	</datafield>
	<datafield ind1="0" ind2=" " tag="730">
		<subfield code="a">Arabic Collections Online.</subfield>
	</datafield>
	<datafield ind1="0" ind2=" " tag="775">
		<subfield code="6">880-10</subfield>
		<subfield code="t">ʻAbd al-Raḥmān al-Nāṣir : riwāyah tārīkhīyah</subfield>
		<subfield code="d">Bayrūt : Dār Maktabat al-Ḥayāh, [1960?</subfield>
		<subfield code="w">b12561629</subfield>
		<subfield code="w">(OCoLC)784407090</subfield>
	</datafield>
	<datafield ind1="0" ind2="8" tag="776">
		<subfield code="i">Print version:</subfield>
		<subfield code="a">Zaydān, Jirjī, 1861-1914, author.</subfield>
		<subfield code="t">ʻAbd al-Raḥmān al-Nāṣir</subfield>
		<subfield code="w">(LeBAU)b12620087</subfield>
	</datafield>
	<datafield ind1=" " ind2="0" tag="830">
		<subfield code="6">880-11</subfield>
		<subfield code="a">Riwāyāt tārīkh al-Islām ;</subfield>
		<subfield code="v">14.</subfield>
	</datafield>
	<datafield ind1="4" ind2="0" tag="856">
		<subfield code="u">http://hdl.handle.net/2333.1/m0cfxw1t</subfield>
	</datafield>
	<datafield ind1="1" ind2=" " tag="880">
		<subfield code="6">100-01/r</subfield>
		<subfield code="a">زيدان، جرجي،</subfield>
		<subfield code="d">1861-1914،</subfield>
		<subfield code="e">مؤلف.</subfield>
		<subfield code="4">aut.</subfield>
	</datafield>
	<datafield ind1="1" ind2="0" tag="880">
		<subfield code="6">245-02/r</subfield>
		<subfield code="a">عبد الرحمن الناصر :</subfield>
		<subfield code="b">رواية تاريخية غرامية /</subfield>
		<subfield code="c">تأليف جرجي زيدان، منشئ الهلال.</subfield>
	</datafield>
	<datafield ind1=" " ind2="1" tag="880">
		<subfield code="6">264-03/r</subfield>
		<subfield code="a">الفجالة، مصر :</subfield>
		<subfield code="b">مطبعة الهلال،</subfield>
		<subfield code="c">1910.</subfield>
	</datafield>
	<datafield ind1=" " ind2=" " tag="880">
		<subfield code="6">300-04/r</subfield>
		<subfield code="a">180 صفحة ؛</subfield>
		<subfield code="c">23 سم.</subfield>
	</datafield>
	<datafield ind1="1" ind2=" " tag="880">
		<subfield code="6">490-05/r</subfield>
		<subfield code="a">روايات تاريخ الاسلام ؛</subfield>
		<subfield code="v">الحلقة الرابعة عشرة</subfield>
	</datafield>
	<datafield ind1=" " ind2=" " tag="880">
		<subfield code="6">504-00/r</subfield>
		<subfield code="a">يتضمن مراجع ببليوغرافية.</subfield>
	</datafield>
	<datafield ind1="2" ind2=" " tag="880">
		<subfield code="6">520-00/r</subfield>
		<subfield code="a">&quot;هي الحلقة الرابعة عشرة من سلسلة روايات تاريخ الإسلام وتشتمل على وصف بلاد الأندلس وحضارتها وعادات أهلها في زمن الخليفة عبد الرحمن الناصر الأموي (من سنة 300-350 هـ.) وما بلغت إليه دولته من المنعة والسيادة وما بناه من القصور الفخيمة وكيف كان يحتفل بإستقبال وفود ملوك أوربا بالهدايا وما كان من خروج إبنه عبد الله يطلب ولاية العهد لنفسه دون أخيه الحكم الخ.&quot;</subfield>
	</datafield>
	<datafield ind1="0" ind2="4" tag="880">
		<subfield code="6">600-06/r</subfield>
		<subfield code="a">عبدالرحمن</subfield>
		<subfield code="b">الثالث</subfield>
		<subfield code="c">خليفة قرطبة،</subfield>
		<subfield code="d">891-961</subfield>
		<subfield code="v">قصة.</subfield>
	</datafield>
	<datafield ind1=" " ind2="4" tag="880">
		<subfield code="6">651-07/r</subfield>
		<subfield code="a">الاندلس (اسبانيا)</subfield>
		<subfield code="x">الحضارة</subfield>
		<subfield code="v">قصة.</subfield>
	</datafield>
	<datafield ind1=" " ind2="4" tag="880">
		<subfield code="6">651-08/r</subfield>
		<subfield code="a">الاندلس (اسبانيا)</subfield>
		<subfield code="x">تاريخ</subfield>
		<subfield code="v">قصة.</subfield>
	</datafield>
	<datafield ind1=" " ind2="4" tag="880">
		<subfield code="6">655-09/r</subfield>
		<subfield code="a">رواية.</subfield>
	</datafield>
	<datafield ind1="0" ind2=" " tag="880">
		<subfield code="6">775-10/r</subfield>
		<subfield code="t">بد الرحمن الناصر : رواية تاريخية</subfield>
		<subfield code="d">بيروت : دار مكتبة الحياة، [1960؟]</subfield>
	</datafield>
	<datafield ind1=" " ind2="0" tag="880">
		<subfield code="6">830-11/r</subfield>
		<subfield code="a">روايات تاريخ الاسلام ؛</subfield>
		<subfield code="v">14.</subfield>
	</datafield>
	<datafield ind1=" " ind2=" " tag="959">
		<subfield code="a">NNU</subfield>
		<subfield code="b">WEB</subfield>
		<subfield code="c">GENI</subfield>
		<subfield code="t">0</subfield>
		<subfield code="m">Electronic access</subfield>
		<subfield code="s">01</subfield>
	</datafield>
	<datafield ind1=" " ind2=" " tag="999">
		<subfield code="i">LeBAU_b12620087</subfield>
		<subfield code="s">aub_aco001254</subfield>
		<subfield code="e">(ERROR-MISC)</subfield>
		<subfield code="s">aub_aco001254</subfield>
	</datafield>
</record>
